<?xml version="1.0" encoding="UTF-8" ?>
<collection xmlns:xsi="http://www.w3.org/2001/XMLSchema-instance" xsi:schemaLocation="http://www.loc.gov/MARC21/slim http://www.loc.gov/standards/marcxml/schema/MARC21slim.xsd" xmlns="http://www.loc.gov/MARC21/slim">
   <record>
      <leader>     cam a22      a 4500</leader>
      <controlfield tag="001">1786985</controlfield>
      <controlfield tag="003">NIC</controlfield>
      <controlfield tag="005">20140823225843.0</controlfield>
      <controlfield tag="008">901025q18961897mr            000 0 ara d</controlfield>
      <datafield tag="035" ind1=" " ind2=" ">
         <subfield code="a">(NIC)notisAJJ0774</subfield>
      </datafield>
      <datafield tag="035" ind1=" " ind2=" ">
         <subfield code="a">(OCoLC)64021046</subfield>
      </datafield>
      <datafield tag="035" ind1=" " ind2=" ">
         <subfield code="a">1786985</subfield>
      </datafield>
      <datafield tag="040" ind1=" " ind2=" ">
         <subfield code="a">NIC</subfield>
         <subfield code="c">NIC</subfield>
      </datafield>
      <datafield tag="043" ind1=" " ind2=" ">
         <subfield code="a">f-mr---</subfield>
      </datafield>
      <datafield tag="100" ind1="1" ind2=" ">
         <subfield code="a">Idrīsī al-Katāni, Abū ʻAbd Allāh ibn Jaʻfar ibn Idrīs al-Hasanī.</subfield>
      </datafield>
      <datafield tag="245" ind1="1" ind2="3">
         <subfield code="a">al-Azhār al-ʻāṭirat al-anfās bi-dhikr baʻḍ maḥāshin quṭb al-Maghrib wa-tāj madīnat Fās /</subfield>
         <subfield code="c">li-Abī ʻAbd Allāh ibn Jaʻfar ibn Idrīs al-Ḥasanī al-Idrīsī al-Katānī.</subfield>
      </datafield>
      <datafield tag="260" ind1=" " ind2=" ">
         <subfield code="a">[Fez, Morocco :</subfield>
         <subfield code="b">s.n.],</subfield>
         <subfield code="c">1314 [i.e. 1896 or 1897]</subfield>
      </datafield>
      <datafield tag="300" ind1=" " ind2=" ">
         <subfield code="a">328, 4 p. ;</subfield>
         <subfield code="c">23 cm.</subfield>
      </datafield>
      <datafield tag="600" ind1="1" ind2="0">
         <subfield code="a">Idrīs</subfield>
         <subfield code="b">I,</subfield>
         <subfield code="c">Imām of Morocco,</subfield>
         <subfield code="d">-793.</subfield>
      </datafield>
      <datafield tag="651" ind1=" " ind2="0">
         <subfield code="a">Fès (Morocco)</subfield>
         <subfield code="x">History.</subfield>
      </datafield>
      <datafield tag="651" ind1=" " ind2="0">
         <subfield code="a">Morocco</subfield>
         <subfield code="x">History</subfield>
         <subfield code="y">647-1516.</subfield>
      </datafield>
      <datafield tag="903" ind1=" " ind2=" ">
         <subfield code="a">Google</subfield>
         <subfield code="d">20130423</subfield>
         <subfield code="p">31924074368162</subfield>
      </datafield>
      <datafield tag="905" ind1=" " ind2=" ">
         <subfield code="a">19940627120000.0</subfield>
      </datafield>
      <datafield tag="903" ind1=" " ind2=" ">
         <subfield code="a">NYUACO</subfield>
         <subfield code="d">20141028</subfield>
         <subfield code="p">31924074368162</subfield>
      </datafield>
      <datafield tag="950" ind1=" " ind2=" ">
         <subfield code="a">DT329.F4</subfield>
         <subfield code="b">A99 1896a</subfield>
         <subfield code="v"> </subfield>
      </datafield>
   </record>
</collection>
